<?xml version="1.0" encoding="UTF-8"?><collection xmlns="http://www.loc.gov/MARC21/slim"><record><leader>00441nam--2200145-i-4500</leader><controlfield tag="001">000031549</controlfield><controlfield tag="002">20161230</controlfield><controlfield tag="005">20161230201038</controlfield><controlfield tag="008">060222s1000------------r-----000-0-eng-d</controlfield><datafield ind1=" " ind2=" " tag="080"><subfield code="a">537.222.22</subfield></datafield><datafield ind1=" " ind2=" " tag="100"><subfield code="a">Longini, R.L., Adler, R.B., Smith, A.C</subfield></datafield><datafield ind1=" " ind2=" " tag="245"><subfield code="a">Introduction to semiconductor physics</subfield></datafield><datafield ind1=" " ind2=" " tag="260"><subfield code="a">New York, John Wiley &amp; Sons, Inc., 1964. Xiv+247p</subfield></datafield><datafield ind1=" " ind2=" " tag="490"><subfield code="a">Semiconductor Electronics Education Commitete Books</subfield></datafield><datafield ind1=" " ind2=" " tag="852"><subfield code="a">22084</subfield></datafield></record></collection>